<?xml version="1.0" encoding="UTF-8"?><collection xmlns="http://www.loc.gov/MARC21/slim"><record><leader>00368nam--2200133-i-4500</leader><controlfield tag="001">000009225</controlfield><controlfield tag="002">20161230</controlfield><controlfield tag="005">20170305222401</controlfield><controlfield tag="008">060222s1000------------r-----000-0-eng-d</controlfield><datafield ind1=" " ind2=" " tag="245"><subfield code="a">Cercetare in chimie</subfield></datafield><datafield ind1=" " ind2=" " tag="260"><subfield code="a">Bucuresti</subfield><subfield code="b">Centrul De Documentare Al Industrie I Chimice Si Petroliere</subfield><subfield code="c">1967-1969</subfield></datafield><datafield ind1=" " ind2=" " tag="300"><subfield code="a">I + 95 p</subfield></datafield><datafield ind1=" " ind2=" " tag="852"><subfield code="a">54:65</subfield></datafield><datafield ind1=" " ind2=" " tag="CAT"><subfield code="a">SYS</subfield><subfield code="c">20170305</subfield><subfield code="h">222401</subfield></datafield></record></collection>